<?xml version="1.0" encoding="UTF-8"?><record xmlns="http://www.loc.gov/MARC21/slim" xmlns:cinclude="http://apache.org/cocoon/include/1.0" xmlns:zs="http://www.loc.gov/zing/srw/">
  <leader>00460cz  a2200145n  4500</leader>
  <controlfield tag="001">n  83163511 </controlfield>
  <controlfield tag="003">DLC</controlfield>
  <controlfield tag="005">20081212080903.0</controlfield>
  <controlfield tag="008">830916n| acannaabn          |a aaa      </controlfield>
  <datafield tag="010" ind1=" " ind2=" ">
    <subfield code="a">n  83163511 </subfield>
  </datafield>
  <datafield tag="035" ind1=" " ind2=" ">
    <subfield code="a">(OCoLC)oca00986931</subfield>
  </datafield>
  <datafield tag="040" ind1=" " ind2=" ">
    <subfield code="a">DLC</subfield>
    <subfield code="b">eng</subfield>
    <subfield code="c">DLC</subfield>
    <subfield code="d">OCoLC</subfield>
  </datafield>
  <datafield tag="100" ind1="1" ind2=" ">
    <subfield code="a">Leuthold, Hansjürg</subfield>
  </datafield>
  <datafield tag="400" ind1="1" ind2=" ">
    <subfield code="a">Leuthold, H.</subfield>
    <subfield code="q">(Hansjürg)</subfield>
  </datafield>
  <datafield tag="670" ind1=" " ind2=" ">
    <subfield code="a">Konzertante Cembalomusik [SR] 198-?:</subfield>
    <subfield code="b">label (H. Leuthold, Klarinette) container (Hansjürg Leuthold, Klarinette)</subfield>
  </datafield>
</record>